@article{vDijk,
  doi = {10.1007/bf01510300},
  year = {1926},
  month = 3,
  publisher = {Delft University of Technology},
  author = {M. van Dijk},
  title = {A theoretical approach towards digital twins: A balance between an empirical and a fundamental model for distribution transformers},
}