@thesis{vanDijk2022,
   author = {M. van Dijk and D.J.P. Lahaye and J. Schuddebeurs and M.B. van Gijzen},
   insitution = {Delft University of Technology},
   title = {A theoretical approach towards digital twins: A balance between an empirical and a fundamental model for distribution transformers},
   year = {2022},
   type = {Master Thesis},
   url = {http://resolver.tudelft.nl/uuid:15b25b42-e04b-4ff2-a187-773bc170f061},
}

@online{mBizon2010,
   author = {M. Bizon},
   title = {Electricity Grid Schematic English},
   year = {2010},
   url = {https://commons.wikimedia.org/wiki/File:Electricity_Grid_Schematic_English.svg},
}

@book{steinmetzEq,
  author         = {S.D. Sudhoff},
  editor         = {John Wiley \& Sons, Inc.},
  title          = {Power Magnetic Devices: A Multi-Objective Design Approach},
  year           = {2014},
  note           = {ISBN: 978-1118824634},   
}